<?xml version="1.0" encoding="UTF-8"?><record xmlns="http://www.loc.gov/MARC21/slim" xmlns:cinclude="http://apache.org/cocoon/include/1.0" xmlns:zs="http://www.loc.gov/zing/srw/">
  <leader>00494nz  a2200145n  4500</leader>
  <controlfield tag="001">no 98069872 </controlfield>
  <controlfield tag="003">DLC</controlfield>
  <controlfield tag="005">19980306053725.6</controlfield>
  <controlfield tag="008">980305n| acannaab|          |n aaa     c</controlfield>
  <datafield tag="010" ind1=" " ind2=" ">
    <subfield code="a">no 98069872 </subfield>
  </datafield>
  <datafield tag="035" ind1=" " ind2=" ">
    <subfield code="a">(OCoLC)oca04674372 </subfield>
  </datafield>
  <datafield tag="040" ind1=" " ind2=" ">
    <subfield code="a">FTaSU-L</subfield>
    <subfield code="c">FTaSU-L</subfield>
  </datafield>
  <datafield tag="100" ind1="1" ind2="0">
    <subfield code="a">Fisher, Walter T.</subfield>
  </datafield>
  <datafield tag="670" ind1=" " ind2=" ">
    <subfield code="a">What every lawyer knows, 1974:</subfield>
    <subfield code="b">t.p. (Walter T. Fisher) p. [4] of cover (... an active Chicago lawyer for more than fifty years)</subfield>
  </datafield>
  <datafield tag="670" ind1=" " ind2=" ">
    <subfield code="a">LC in OCLC, Mar. 6, 1998</subfield>
    <subfield code="b">(hdg.: Fisher, Walter T.)</subfield>
  </datafield>
</record>